%YAML 1.1
%TAG !u! tag:unity3d.com,2011:
--- !u!1 &8763835115605330448
GameObject:
  m_ObjectHideFlags: 0
  m_CorrespondingSourceObject: {fileID: 0}
  m_PrefabInstance: {fileID: 0}
  m_PrefabAsset: {fileID: 0}
  serializedVersion: 6
  m_Component:
  - component: {fileID: 8763835115605330458}
  - component: {fileID: 8763835115605330461}
  - component: {fileID: 8763835115605330460}
  - component: {fileID: 8763835115605330463}
  - component: {fileID: 8763835115605330462}
  - component: {fileID: 8763835115605330449}
  - component: {fileID: 8763835115605330459}
  - component: {fileID: 8763835115605330456}
  m_Layer: 0
  m_Name: pref_Inky
  m_TagString: Ghost
  m_Icon: {fileID: 0}
  m_NavMeshLayer: 0
  m_StaticEditorFlags: 0
  m_IsActive: 1
--- !u!4 &8763835115605330458
Transform:
  m_ObjectHideFlags: 0
  m_CorrespondingSourceObject: {fileID: 0}
  m_PrefabInstance: {fileID: 0}
  m_PrefabAsset: {fileID: 0}
  m_GameObject: {fileID: 8763835115605330448}
  m_LocalRotation: {x: -0, y: -0, z: -0, w: 1}
  m_LocalPosition: {x: 6.04, y: -0.0063799024, z: 0.901742}
  m_LocalScale: {x: 0.8, y: 0.8, z: 0.8}
  m_Children:
  - {fileID: 9085410710361126892}
  m_Father: {fileID: 0}
  m_RootOrder: 0
  m_LocalEulerAnglesHint: {x: 0, y: 0, z: 0}
--- !u!33 &8763835115605330461
MeshFilter:
  m_ObjectHideFlags: 0
  m_CorrespondingSourceObject: {fileID: 0}
  m_PrefabInstance: {fileID: 0}
  m_PrefabAsset: {fileID: 0}
  m_GameObject: {fileID: 8763835115605330448}
  m_Mesh: {fileID: 10208, guid: 0000000000000000e000000000000000, type: 0}
--- !u!23 &8763835115605330460
MeshRenderer:
  m_ObjectHideFlags: 0
  m_CorrespondingSourceObject: {fileID: 0}
  m_PrefabInstance: {fileID: 0}
  m_PrefabAsset: {fileID: 0}
  m_GameObject: {fileID: 8763835115605330448}
  m_Enabled: 0
  m_CastShadows: 1
  m_ReceiveShadows: 1
  m_DynamicOccludee: 1
  m_MotionVectors: 1
  m_LightProbeUsage: 1
  m_ReflectionProbeUsage: 1
  m_RayTracingMode: 2
  m_RayTraceProcedural: 0
  m_RenderingLayerMask: 1
  m_RendererPriority: 0
  m_Materials:
  - {fileID: 2100000, guid: 58cd1cc468ddc484a81015b29a301e27, type: 2}
  m_StaticBatchInfo:
    firstSubMesh: 0
    subMeshCount: 0
  m_StaticBatchRoot: {fileID: 0}
  m_ProbeAnchor: {fileID: 0}
  m_LightProbeVolumeOverride: {fileID: 0}
  m_ScaleInLightmap: 1
  m_ReceiveGI: 1
  m_PreserveUVs: 0
  m_IgnoreNormalsForChartDetection: 0
  m_ImportantGI: 0
  m_StitchLightmapSeams: 1
  m_SelectedEditorRenderState: 3
  m_MinimumChartSize: 4
  m_AutoUVMaxDistance: 0.5
  m_AutoUVMaxAngle: 89
  m_LightmapParameters: {fileID: 0}
  m_SortingLayerID: 0
  m_SortingLayer: 0
  m_SortingOrder: 0
  m_AdditionalVertexStreams: {fileID: 0}
--- !u!136 &8763835115605330463
CapsuleCollider:
  m_ObjectHideFlags: 0
  m_CorrespondingSourceObject: {fileID: 0}
  m_PrefabInstance: {fileID: 0}
  m_PrefabAsset: {fileID: 0}
  m_GameObject: {fileID: 8763835115605330448}
  m_Material: {fileID: 0}
  m_IsTrigger: 1
  m_Enabled: 1
  m_Radius: 0.3
  m_Height: 2
  m_Direction: 1
  m_Center: {x: 0, y: 0, z: 0}
--- !u!114 &8763835115605330462
MonoBehaviour:
  m_ObjectHideFlags: 0
  m_CorrespondingSourceObject: {fileID: 0}
  m_PrefabInstance: {fileID: 0}
  m_PrefabAsset: {fileID: 0}
  m_GameObject: {fileID: 8763835115605330448}
  m_Enabled: 1
  m_EditorHideFlags: 0
  m_Script: {fileID: 11500000, guid: e696d43c343fa4a448156e02ed7ec2a8, type: 3}
  m_Name: 
  m_EditorClassIdentifier: 
  fleeMaterial: {fileID: 2100000, guid: 5be4f367122b10846a43b474a70ec672, type: 2}
  respawnMaterial: {fileID: 2100000, guid: c420107ddc21f0448a1dbc1cd2d222cc, type: 2}
  looseBones: {fileID: 1376499052567257208, guid: 316be8dc9a0204e4290d89bc1ba53958, type: 3}
  HeartRenderer: {fileID: 7347758749786662166}
  lEyeRenderer: {fileID: 4438692871044167689}
  rEyeRenderer: {fileID: 6057757595770596935}
  DefaultHeartMat: {fileID: 0}
  aggBark:
  - {fileID: 8300000, guid: 47d019c6633196444a08a71cc4dc7ccb, type: 3}
  - {fileID: 8300000, guid: a021355ffce1ef447b0db7aefb656624, type: 3}
  - {fileID: 8300000, guid: 4423dcec664fdfd41b85fb57c4c7843c, type: 3}
  fleeBark:
  - {fileID: 8300000, guid: b5c7e475e6bd1bc4b9ef2dbc082e2480, type: 3}
  - {fileID: 8300000, guid: a4b98723f26da4a4b8af4bc3ec4669a8, type: 3}
  - {fileID: 8300000, guid: 1654a3fbbea4fa941a953e2c0f9be2dc, type: 3}
  dieBark:
  - {fileID: 8300000, guid: 28f42de7ae5debc4289a70d973b8d846, type: 3}
  - {fileID: 8300000, guid: 892a76b8b783f514d8e5c9609897d3d6, type: 3}
  - {fileID: 8300000, guid: 86a97038497df6e40bdb034db8ada5cd, type: 3}
  killBark:
  - {fileID: 8300000, guid: 6cf3900e4cb6523408a0f777f33b6691, type: 3}
  - {fileID: 8300000, guid: bc6f8f3597c5c9840897f8c4e165a823, type: 3}
  boneRenderer:
  - {fileID: 1020830901385225985}
  - {fileID: 802969063619508976}
  - {fileID: 3830984807098203703}
  - {fileID: 9141998489159784018}
  - {fileID: 9147692321663809757}
  - {fileID: 7653992752839065923}
  - {fileID: 5478395947569757864}
  - {fileID: 7251702137848907320}
  - {fileID: 2081184377550267091}
  - {fileID: 6023848370311923390}
  - {fileID: 62969191364855878}
  offset: {x: -1.5, y: 0, z: -1.5}
--- !u!195 &8763835115605330449
NavMeshAgent:
  m_ObjectHideFlags: 0
  m_CorrespondingSourceObject: {fileID: 0}
  m_PrefabInstance: {fileID: 0}
  m_PrefabAsset: {fileID: 0}
  m_GameObject: {fileID: 8763835115605330448}
  m_Enabled: 1
  m_AgentTypeID: 0
  m_Radius: 0.3
  m_Speed: 2
  m_Acceleration: 8
  avoidancePriority: 50
  m_AngularSpeed: 120
  m_StoppingDistance: 0.5
  m_AutoTraverseOffMeshLink: 1
  m_AutoBraking: 1
  m_AutoRepath: 1
  m_Height: 2
  m_BaseOffset: 1
  m_WalkableMask: 4294967295
  m_ObstacleAvoidanceType: 4
--- !u!54 &8763835115605330459
Rigidbody:
  m_ObjectHideFlags: 0
  m_CorrespondingSourceObject: {fileID: 0}
  m_PrefabInstance: {fileID: 0}
  m_PrefabAsset: {fileID: 0}
  m_GameObject: {fileID: 8763835115605330448}
  serializedVersion: 2
  m_Mass: 1
  m_Drag: 0
  m_AngularDrag: 0.05
  m_UseGravity: 0
  m_IsKinematic: 0
  m_Interpolate: 0
  m_Constraints: 0
  m_CollisionDetection: 0
--- !u!82 &8763835115605330456
AudioSource:
  m_ObjectHideFlags: 0
  m_CorrespondingSourceObject: {fileID: 0}
  m_PrefabInstance: {fileID: 0}
  m_PrefabAsset: {fileID: 0}
  m_GameObject: {fileID: 8763835115605330448}
  m_Enabled: 1
  serializedVersion: 4
  OutputAudioMixerGroup: {fileID: 0}
  m_audioClip: {fileID: 0}
  m_PlayOnAwake: 0
  m_Volume: 0.85
  m_Pitch: 1
  Loop: 0
  Mute: 0
  Spatialize: 0
  SpatializePostEffects: 0
  Priority: 128
  DopplerLevel: 1
  MinDistance: 1
  MaxDistance: 6
  Pan2D: 0
  rolloffMode: 0
  BypassEffects: 0
  BypassListenerEffects: 0
  BypassReverbZones: 0
  rolloffCustomCurve:
    serializedVersion: 2
    m_Curve:
    - serializedVersion: 3
      time: 0
      value: 1
      inSlope: 0
      outSlope: 0
      tangentMode: 0
      weightedMode: 0
      inWeight: 0.33333334
      outWeight: 0.33333334
    - serializedVersion: 3
      time: 1
      value: 0
      inSlope: 0
      outSlope: 0
      tangentMode: 0
      weightedMode: 0
      inWeight: 0.33333334
      outWeight: 0.33333334
    m_PreInfinity: 2
    m_PostInfinity: 2
    m_RotationOrder: 4
  panLevelCustomCurve:
    serializedVersion: 2
    m_Curve:
    - serializedVersion: 3
      time: 0
      value: 1
      inSlope: 0
      outSlope: 0
      tangentMode: 0
      weightedMode: 0
      inWeight: 0.33333334
      outWeight: 0.33333334
    m_PreInfinity: 2
    m_PostInfinity: 2
    m_RotationOrder: 4
  spreadCustomCurve:
    serializedVersion: 2
    m_Curve:
    - serializedVersion: 3
      time: 0
      value: 0
      inSlope: 0
      outSlope: 0
      tangentMode: 0
      weightedMode: 0
      inWeight: 0.33333334
      outWeight: 0.33333334
    m_PreInfinity: 2
    m_PostInfinity: 2
    m_RotationOrder: 4
  reverbZoneMixCustomCurve:
    serializedVersion: 2
    m_Curve:
    - serializedVersion: 3
      time: 0
      value: 1
      inSlope: 0
      outSlope: 0
      tangentMode: 0
      weightedMode: 0
      inWeight: 0.33333334
      outWeight: 0.33333334
    m_PreInfinity: 2
    m_PostInfinity: 2
    m_RotationOrder: 4
--- !u!1001 &8763835116065116167
PrefabInstance:
  m_ObjectHideFlags: 0
  serializedVersion: 2
  m_Modification:
    m_TransformParent: {fileID: 8763835115605330458}
    m_Modifications:
    - target: {fileID: -8965230302916952766, guid: e22285c51b1768340bfaaae7d721c205, type: 3}
      propertyPath: m_Layer
      value: 10
      objectReference: {fileID: 0}
    - target: {fileID: -8679921383154817045, guid: e22285c51b1768340bfaaae7d721c205, type: 3}
      propertyPath: m_RootOrder
      value: 0
      objectReference: {fileID: 0}
    - target: {fileID: -8679921383154817045, guid: e22285c51b1768340bfaaae7d721c205, type: 3}
      propertyPath: m_LocalScale.x
      value: 0.05
      objectReference: {fileID: 0}
    - target: {fileID: -8679921383154817045, guid: e22285c51b1768340bfaaae7d721c205, type: 3}
      propertyPath: m_LocalScale.y
      value: 0.05
      objectReference: {fileID: 0}
    - target: {fileID: -8679921383154817045, guid: e22285c51b1768340bfaaae7d721c205, type: 3}
      propertyPath: m_LocalScale.z
      value: 0.05
      objectReference: {fileID: 0}
    - target: {fileID: -8679921383154817045, guid: e22285c51b1768340bfaaae7d721c205, type: 3}
      propertyPath: m_LocalPosition.y
      value: -1.008
      objectReference: {fileID: 0}
    - target: {fileID: -8679921383154817045, guid: e22285c51b1768340bfaaae7d721c205, type: 3}
      propertyPath: m_LocalRotation.w
      value: 1
      objectReference: {fileID: 0}
    - target: {fileID: -8679921383154817045, guid: e22285c51b1768340bfaaae7d721c205, type: 3}
      propertyPath: m_LocalRotation.x
      value: -0
      objectReference: {fileID: 0}
    - target: {fileID: -8679921383154817045, guid: e22285c51b1768340bfaaae7d721c205, type: 3}
      propertyPath: m_LocalRotation.y
      value: -0
      objectReference: {fileID: 0}
    - target: {fileID: -8679921383154817045, guid: e22285c51b1768340bfaaae7d721c205, type: 3}
      propertyPath: m_LocalRotation.z
      value: -0
      objectReference: {fileID: 0}
    - target: {fileID: -8679921383154817045, guid: e22285c51b1768340bfaaae7d721c205, type: 3}
      propertyPath: m_LocalEulerAnglesHint.x
      value: 0
      objectReference: {fileID: 0}
    - target: {fileID: -8679921383154817045, guid: e22285c51b1768340bfaaae7d721c205, type: 3}
      propertyPath: m_LocalEulerAnglesHint.y
      value: 0
      objectReference: {fileID: 0}
    - target: {fileID: -8679921383154817045, guid: e22285c51b1768340bfaaae7d721c205, type: 3}
      propertyPath: m_LocalEulerAnglesHint.z
      value: 0
      objectReference: {fileID: 0}
    - target: {fileID: -7176734230302771951, guid: e22285c51b1768340bfaaae7d721c205, type: 3}
      propertyPath: m_Materials.Array.data[0]
      value: 
      objectReference: {fileID: 2100000, guid: 65af765c86a0a984fab9bd87223bb43a, type: 2}
    - target: {fileID: 919132149155446097, guid: e22285c51b1768340bfaaae7d721c205, type: 3}
      propertyPath: m_Name
      value: InkySk
      objectReference: {fileID: 0}
    - target: {fileID: 3282596272249470528, guid: e22285c51b1768340bfaaae7d721c205, type: 3}
      propertyPath: m_Materials.Array.data[0]
      value: 
      objectReference: {fileID: 2100000, guid: 65af765c86a0a984fab9bd87223bb43a, type: 2}
    - target: {fileID: 4901607704759543822, guid: e22285c51b1768340bfaaae7d721c205, type: 3}
      propertyPath: m_Materials.Array.data[0]
      value: 
      objectReference: {fileID: 2100000, guid: 65af765c86a0a984fab9bd87223bb43a, type: 2}
    - target: {fileID: 5866666021909216657, guid: e22285c51b1768340bfaaae7d721c205, type: 3}
      propertyPath: m_Controller
      value: 
      objectReference: {fileID: 9100000, guid: 68a4868332b4c5941bc60bf0f20f3851, type: 2}
    m_RemovedComponents: []
  m_SourcePrefab: {fileID: 100100000, guid: e22285c51b1768340bfaaae7d721c205, type: 3}
--- !u!4 &9085410710361126892 stripped
Transform:
  m_CorrespondingSourceObject: {fileID: -8679921383154817045, guid: e22285c51b1768340bfaaae7d721c205, type: 3}
  m_PrefabInstance: {fileID: 8763835116065116167}
  m_PrefabAsset: {fileID: 0}
--- !u!137 &1020830901385225985 stripped
SkinnedMeshRenderer:
  m_CorrespondingSourceObject: {fileID: -597327485169223930, guid: e22285c51b1768340bfaaae7d721c205, type: 3}
  m_PrefabInstance: {fileID: 8763835116065116167}
  m_PrefabAsset: {fileID: 0}
--- !u!137 &802969063619508976 stripped
SkinnedMeshRenderer:
  m_CorrespondingSourceObject: {fileID: -955926949336913161, guid: e22285c51b1768340bfaaae7d721c205, type: 3}
  m_PrefabInstance: {fileID: 8763835116065116167}
  m_PrefabAsset: {fileID: 0}
--- !u!137 &4438692871044167689 stripped
SkinnedMeshRenderer:
  m_CorrespondingSourceObject: {fileID: 4901607704759543822, guid: e22285c51b1768340bfaaae7d721c205, type: 3}
  m_PrefabInstance: {fileID: 8763835116065116167}
  m_PrefabAsset: {fileID: 0}
--- !u!137 &6057757595770596935 stripped
SkinnedMeshRenderer:
  m_CorrespondingSourceObject: {fileID: 3282596272249470528, guid: e22285c51b1768340bfaaae7d721c205, type: 3}
  m_PrefabInstance: {fileID: 8763835116065116167}
  m_PrefabAsset: {fileID: 0}
--- !u!137 &3830984807098203703 stripped
SkinnedMeshRenderer:
  m_CorrespondingSourceObject: {fileID: -3696045752306995664, guid: e22285c51b1768340bfaaae7d721c205, type: 3}
  m_PrefabInstance: {fileID: 8763835116065116167}
  m_PrefabAsset: {fileID: 0}
--- !u!137 &9141998489159784018 stripped
SkinnedMeshRenderer:
  m_CorrespondingSourceObject: {fileID: -8700529336557435307, guid: e22285c51b1768340bfaaae7d721c205, type: 3}
  m_PrefabInstance: {fileID: 8763835116065116167}
  m_PrefabAsset: {fileID: 0}
--- !u!137 &7347758749786662166 stripped
SkinnedMeshRenderer:
  m_CorrespondingSourceObject: {fileID: -7176734230302771951, guid: e22285c51b1768340bfaaae7d721c205, type: 3}
  m_PrefabInstance: {fileID: 8763835116065116167}
  m_PrefabAsset: {fileID: 0}
--- !u!137 &9147692321663809757 stripped
SkinnedMeshRenderer:
  m_CorrespondingSourceObject: {fileID: 534877401863235802, guid: e22285c51b1768340bfaaae7d721c205, type: 3}
  m_PrefabInstance: {fileID: 8763835116065116167}
  m_PrefabAsset: {fileID: 0}
--- !u!137 &7653992752839065923 stripped
SkinnedMeshRenderer:
  m_CorrespondingSourceObject: {fileID: -7807249155972869820, guid: e22285c51b1768340bfaaae7d721c205, type: 3}
  m_PrefabInstance: {fileID: 8763835116065116167}
  m_PrefabAsset: {fileID: 0}
--- !u!137 &5478395947569757864 stripped
SkinnedMeshRenderer:
  m_CorrespondingSourceObject: {fileID: -5361454489214488913, guid: e22285c51b1768340bfaaae7d721c205, type: 3}
  m_PrefabInstance: {fileID: 8763835116065116167}
  m_PrefabAsset: {fileID: 0}
--- !u!137 &7251702137848907320 stripped
SkinnedMeshRenderer:
  m_CorrespondingSourceObject: {fileID: 2106661214968550975, guid: e22285c51b1768340bfaaae7d721c205, type: 3}
  m_PrefabInstance: {fileID: 8763835116065116167}
  m_PrefabAsset: {fileID: 0}
--- !u!137 &2081184377550267091 stripped
SkinnedMeshRenderer:
  m_CorrespondingSourceObject: {fileID: -1909878425617812780, guid: e22285c51b1768340bfaaae7d721c205, type: 3}
  m_PrefabInstance: {fileID: 8763835116065116167}
  m_PrefabAsset: {fileID: 0}
--- !u!137 &6023848370311923390 stripped
SkinnedMeshRenderer:
  m_CorrespondingSourceObject: {fileID: 3028221837921605305, guid: e22285c51b1768340bfaaae7d721c205, type: 3}
  m_PrefabInstance: {fileID: 8763835116065116167}
  m_PrefabAsset: {fileID: 0}
--- !u!137 &62969191364855878 stripped
SkinnedMeshRenderer:
  m_CorrespondingSourceObject: {fileID: 8737216097213700161, guid: e22285c51b1768340bfaaae7d721c205, type: 3}
  m_PrefabInstance: {fileID: 8763835116065116167}
  m_PrefabAsset: {fileID: 0}
