%YAML 1.1
%TAG !u! tag:unity3d.com,2011:
--- !u!1 &5689765901597424504
GameObject:
  m_ObjectHideFlags: 0
  m_CorrespondingSourceObject: {fileID: 0}
  m_PrefabInstance: {fileID: 0}
  m_PrefabAsset: {fileID: 0}
  serializedVersion: 6
  m_Component:
  - component: {fileID: 3314554740393300417}
  m_Layer: 0
  m_Name: pref_)GapFillers
  m_TagString: Untagged
  m_Icon: {fileID: 0}
  m_NavMeshLayer: 0
  m_StaticEditorFlags: 0
  m_IsActive: 1
--- !u!4 &3314554740393300417
Transform:
  m_ObjectHideFlags: 0
  m_CorrespondingSourceObject: {fileID: 0}
  m_PrefabInstance: {fileID: 0}
  m_PrefabAsset: {fileID: 0}
  m_GameObject: {fileID: 5689765901597424504}
  m_LocalRotation: {x: 0, y: 0, z: 0, w: 1}
  m_LocalPosition: {x: -20, y: 0, z: -20}
  m_LocalScale: {x: 1, y: 1, z: 1}
  m_Children:
  - {fileID: 8922486649701272498}
  - {fileID: 8922486651043388975}
  - {fileID: 8922486649272047132}
  - {fileID: 8922486649118174932}
  m_Father: {fileID: 0}
  m_RootOrder: 0
  m_LocalEulerAnglesHint: {x: 0, y: 0, z: 0}
--- !u!1001 &8960389920328153540
PrefabInstance:
  m_ObjectHideFlags: 0
  serializedVersion: 2
  m_Modification:
    m_TransformParent: {fileID: 3314554740393300417}
    m_Modifications:
    - target: {fileID: -8679921383154817045, guid: 492b8b68c1f4b464e889751a1ba71454, type: 3}
      propertyPath: m_RootOrder
      value: 1
      objectReference: {fileID: 0}
    - target: {fileID: -8679921383154817045, guid: 492b8b68c1f4b464e889751a1ba71454, type: 3}
      propertyPath: m_LocalScale.x
      value: 95
      objectReference: {fileID: 0}
    - target: {fileID: -8679921383154817045, guid: 492b8b68c1f4b464e889751a1ba71454, type: 3}
      propertyPath: m_LocalScale.y
      value: 25
      objectReference: {fileID: 0}
    - target: {fileID: -8679921383154817045, guid: 492b8b68c1f4b464e889751a1ba71454, type: 3}
      propertyPath: m_LocalPosition.x
      value: -9.75
      objectReference: {fileID: 0}
    - target: {fileID: -8679921383154817045, guid: 492b8b68c1f4b464e889751a1ba71454, type: 3}
      propertyPath: m_LocalPosition.y
      value: 0.47000027
      objectReference: {fileID: 0}
    - target: {fileID: -8679921383154817045, guid: 492b8b68c1f4b464e889751a1ba71454, type: 3}
      propertyPath: m_LocalPosition.z
      value: -3
      objectReference: {fileID: 0}
    - target: {fileID: -8679921383154817045, guid: 492b8b68c1f4b464e889751a1ba71454, type: 3}
      propertyPath: m_LocalRotation.w
      value: 0.49999997
      objectReference: {fileID: 0}
    - target: {fileID: -8679921383154817045, guid: 492b8b68c1f4b464e889751a1ba71454, type: 3}
      propertyPath: m_LocalRotation.x
      value: -0.50000006
      objectReference: {fileID: 0}
    - target: {fileID: -8679921383154817045, guid: 492b8b68c1f4b464e889751a1ba71454, type: 3}
      propertyPath: m_LocalRotation.y
      value: 0.49999997
      objectReference: {fileID: 0}
    - target: {fileID: -8679921383154817045, guid: 492b8b68c1f4b464e889751a1ba71454, type: 3}
      propertyPath: m_LocalRotation.z
      value: 0.50000006
      objectReference: {fileID: 0}
    - target: {fileID: -8679921383154817045, guid: 492b8b68c1f4b464e889751a1ba71454, type: 3}
      propertyPath: m_LocalEulerAnglesHint.x
      value: 0
      objectReference: {fileID: 0}
    - target: {fileID: -8679921383154817045, guid: 492b8b68c1f4b464e889751a1ba71454, type: 3}
      propertyPath: m_LocalEulerAnglesHint.y
      value: 0
      objectReference: {fileID: 0}
    - target: {fileID: -8679921383154817045, guid: 492b8b68c1f4b464e889751a1ba71454, type: 3}
      propertyPath: m_LocalEulerAnglesHint.z
      value: 0
      objectReference: {fileID: 0}
    - target: {fileID: 919132149155446097, guid: 492b8b68c1f4b464e889751a1ba71454, type: 3}
      propertyPath: m_Name
      value: WallSection A (11)
      objectReference: {fileID: 0}
    - target: {fileID: 919132149155446097, guid: 492b8b68c1f4b464e889751a1ba71454, type: 3}
      propertyPath: m_StaticEditorFlags
      value: 4294967295
      objectReference: {fileID: 0}
    m_RemovedComponents: []
  m_SourcePrefab: {fileID: 100100000, guid: 492b8b68c1f4b464e889751a1ba71454, type: 3}
--- !u!1 &8113475493537989781 stripped
GameObject:
  m_CorrespondingSourceObject: {fileID: 919132149155446097, guid: 492b8b68c1f4b464e889751a1ba71454, type: 3}
  m_PrefabInstance: {fileID: 8960389920328153540}
  m_PrefabAsset: {fileID: 0}
--- !u!4 &8922486651043388975 stripped
Transform:
  m_CorrespondingSourceObject: {fileID: -8679921383154817045, guid: 492b8b68c1f4b464e889751a1ba71454, type: 3}
  m_PrefabInstance: {fileID: 8960389920328153540}
  m_PrefabAsset: {fileID: 0}
--- !u!65 &8960389922213692823
BoxCollider:
  m_ObjectHideFlags: 0
  m_CorrespondingSourceObject: {fileID: 0}
  m_PrefabInstance: {fileID: 0}
  m_PrefabAsset: {fileID: 0}
  m_GameObject: {fileID: 8113475493537989781}
  m_Material: {fileID: 0}
  m_IsTrigger: 0
  m_Enabled: 1
  serializedVersion: 2
  m_Size: {x: 0.021062775, y: 0.02202789, z: 0.020044759}
  m_Center: {x: 0, y: 5.335843e-12, z: -0.000022380147}
--- !u!208 &2072867413483633043
NavMeshObstacle:
  m_ObjectHideFlags: 0
  m_CorrespondingSourceObject: {fileID: 0}
  m_PrefabInstance: {fileID: 0}
  m_PrefabAsset: {fileID: 0}
  m_GameObject: {fileID: 8113475493537989781}
  m_Enabled: 1
  serializedVersion: 3
  m_Shape: 1
  m_Extents: {x: 0.011000001, y: 0.011000001, z: 0.010000001}
  m_MoveThreshold: 0.1
  m_Carve: 1
  m_CarveOnlyStationary: 1
  m_Center: {x: 0, y: 0, z: 0}
  m_TimeToStationary: 0.5
--- !u!1001 &8960389921669999705
PrefabInstance:
  m_ObjectHideFlags: 0
  serializedVersion: 2
  m_Modification:
    m_TransformParent: {fileID: 3314554740393300417}
    m_Modifications:
    - target: {fileID: -8679921383154817045, guid: 492b8b68c1f4b464e889751a1ba71454, type: 3}
      propertyPath: m_RootOrder
      value: 0
      objectReference: {fileID: 0}
    - target: {fileID: -8679921383154817045, guid: 492b8b68c1f4b464e889751a1ba71454, type: 3}
      propertyPath: m_LocalScale.x
      value: 95
      objectReference: {fileID: 0}
    - target: {fileID: -8679921383154817045, guid: 492b8b68c1f4b464e889751a1ba71454, type: 3}
      propertyPath: m_LocalScale.y
      value: 25
      objectReference: {fileID: 0}
    - target: {fileID: -8679921383154817045, guid: 492b8b68c1f4b464e889751a1ba71454, type: 3}
      propertyPath: m_LocalPosition.x
      value: -9.75
      objectReference: {fileID: 0}
    - target: {fileID: -8679921383154817045, guid: 492b8b68c1f4b464e889751a1ba71454, type: 3}
      propertyPath: m_LocalPosition.y
      value: 0.47000027
      objectReference: {fileID: 0}
    - target: {fileID: -8679921383154817045, guid: 492b8b68c1f4b464e889751a1ba71454, type: 3}
      propertyPath: m_LocalPosition.z
      value: -5
      objectReference: {fileID: 0}
    - target: {fileID: -8679921383154817045, guid: 492b8b68c1f4b464e889751a1ba71454, type: 3}
      propertyPath: m_LocalRotation.w
      value: 0.49999997
      objectReference: {fileID: 0}
    - target: {fileID: -8679921383154817045, guid: 492b8b68c1f4b464e889751a1ba71454, type: 3}
      propertyPath: m_LocalRotation.x
      value: -0.50000006
      objectReference: {fileID: 0}
    - target: {fileID: -8679921383154817045, guid: 492b8b68c1f4b464e889751a1ba71454, type: 3}
      propertyPath: m_LocalRotation.y
      value: 0.49999997
      objectReference: {fileID: 0}
    - target: {fileID: -8679921383154817045, guid: 492b8b68c1f4b464e889751a1ba71454, type: 3}
      propertyPath: m_LocalRotation.z
      value: 0.50000006
      objectReference: {fileID: 0}
    - target: {fileID: -8679921383154817045, guid: 492b8b68c1f4b464e889751a1ba71454, type: 3}
      propertyPath: m_LocalEulerAnglesHint.x
      value: 0
      objectReference: {fileID: 0}
    - target: {fileID: -8679921383154817045, guid: 492b8b68c1f4b464e889751a1ba71454, type: 3}
      propertyPath: m_LocalEulerAnglesHint.y
      value: 0
      objectReference: {fileID: 0}
    - target: {fileID: -8679921383154817045, guid: 492b8b68c1f4b464e889751a1ba71454, type: 3}
      propertyPath: m_LocalEulerAnglesHint.z
      value: 0
      objectReference: {fileID: 0}
    - target: {fileID: 919132149155446097, guid: 492b8b68c1f4b464e889751a1ba71454, type: 3}
      propertyPath: m_Name
      value: WallSection A (10)
      objectReference: {fileID: 0}
    - target: {fileID: 919132149155446097, guid: 492b8b68c1f4b464e889751a1ba71454, type: 3}
      propertyPath: m_StaticEditorFlags
      value: 4294967295
      objectReference: {fileID: 0}
    m_RemovedComponents: []
  m_SourcePrefab: {fileID: 100100000, guid: 492b8b68c1f4b464e889751a1ba71454, type: 3}
--- !u!1 &8113475492732752136 stripped
GameObject:
  m_CorrespondingSourceObject: {fileID: 919132149155446097, guid: 492b8b68c1f4b464e889751a1ba71454, type: 3}
  m_PrefabInstance: {fileID: 8960389921669999705}
  m_PrefabAsset: {fileID: 0}
--- !u!4 &8922486649701272498 stripped
Transform:
  m_CorrespondingSourceObject: {fileID: -8679921383154817045, guid: 492b8b68c1f4b464e889751a1ba71454, type: 3}
  m_PrefabInstance: {fileID: 8960389921669999705}
  m_PrefabAsset: {fileID: 0}
--- !u!65 &8960389922274304949
BoxCollider:
  m_ObjectHideFlags: 0
  m_CorrespondingSourceObject: {fileID: 0}
  m_PrefabInstance: {fileID: 0}
  m_PrefabAsset: {fileID: 0}
  m_GameObject: {fileID: 8113475492732752136}
  m_Material: {fileID: 0}
  m_IsTrigger: 0
  m_Enabled: 1
  serializedVersion: 2
  m_Size: {x: 0.021062775, y: 0.02202789, z: 0.020044759}
  m_Center: {x: 0, y: 5.335843e-12, z: -0.000022380147}
--- !u!208 &2235626594050301523
NavMeshObstacle:
  m_ObjectHideFlags: 0
  m_CorrespondingSourceObject: {fileID: 0}
  m_PrefabInstance: {fileID: 0}
  m_PrefabAsset: {fileID: 0}
  m_GameObject: {fileID: 8113475492732752136}
  m_Enabled: 1
  serializedVersion: 3
  m_Shape: 1
  m_Extents: {x: 0.011000001, y: 0.011000001, z: 0.010000001}
  m_MoveThreshold: 0.1
  m_Carve: 1
  m_CarveOnlyStationary: 1
  m_Center: {x: 0, y: 0, z: 0}
  m_TimeToStationary: 0.5
--- !u!1001 &8960389922133111287
PrefabInstance:
  m_ObjectHideFlags: 0
  serializedVersion: 2
  m_Modification:
    m_TransformParent: {fileID: 3314554740393300417}
    m_Modifications:
    - target: {fileID: -8679921383154817045, guid: 492b8b68c1f4b464e889751a1ba71454, type: 3}
      propertyPath: m_RootOrder
      value: 2
      objectReference: {fileID: 0}
    - target: {fileID: -8679921383154817045, guid: 492b8b68c1f4b464e889751a1ba71454, type: 3}
      propertyPath: m_LocalScale.x
      value: 95
      objectReference: {fileID: 0}
    - target: {fileID: -8679921383154817045, guid: 492b8b68c1f4b464e889751a1ba71454, type: 3}
      propertyPath: m_LocalScale.y
      value: 25
      objectReference: {fileID: 0}
    - target: {fileID: -8679921383154817045, guid: 492b8b68c1f4b464e889751a1ba71454, type: 3}
      propertyPath: m_LocalPosition.x
      value: -9.75
      objectReference: {fileID: 0}
    - target: {fileID: -8679921383154817045, guid: 492b8b68c1f4b464e889751a1ba71454, type: 3}
      propertyPath: m_LocalPosition.y
      value: 0.47000027
      objectReference: {fileID: 0}
    - target: {fileID: -8679921383154817045, guid: 492b8b68c1f4b464e889751a1ba71454, type: 3}
      propertyPath: m_LocalPosition.z
      value: 3
      objectReference: {fileID: 0}
    - target: {fileID: -8679921383154817045, guid: 492b8b68c1f4b464e889751a1ba71454, type: 3}
      propertyPath: m_LocalRotation.w
      value: 0.49999997
      objectReference: {fileID: 0}
    - target: {fileID: -8679921383154817045, guid: 492b8b68c1f4b464e889751a1ba71454, type: 3}
      propertyPath: m_LocalRotation.x
      value: -0.50000006
      objectReference: {fileID: 0}
    - target: {fileID: -8679921383154817045, guid: 492b8b68c1f4b464e889751a1ba71454, type: 3}
      propertyPath: m_LocalRotation.y
      value: 0.49999997
      objectReference: {fileID: 0}
    - target: {fileID: -8679921383154817045, guid: 492b8b68c1f4b464e889751a1ba71454, type: 3}
      propertyPath: m_LocalRotation.z
      value: 0.50000006
      objectReference: {fileID: 0}
    - target: {fileID: -8679921383154817045, guid: 492b8b68c1f4b464e889751a1ba71454, type: 3}
      propertyPath: m_LocalEulerAnglesHint.x
      value: 0
      objectReference: {fileID: 0}
    - target: {fileID: -8679921383154817045, guid: 492b8b68c1f4b464e889751a1ba71454, type: 3}
      propertyPath: m_LocalEulerAnglesHint.y
      value: 0
      objectReference: {fileID: 0}
    - target: {fileID: -8679921383154817045, guid: 492b8b68c1f4b464e889751a1ba71454, type: 3}
      propertyPath: m_LocalEulerAnglesHint.z
      value: 0
      objectReference: {fileID: 0}
    - target: {fileID: 919132149155446097, guid: 492b8b68c1f4b464e889751a1ba71454, type: 3}
      propertyPath: m_Name
      value: WallSection A (28)
      objectReference: {fileID: 0}
    - target: {fileID: 919132149155446097, guid: 492b8b68c1f4b464e889751a1ba71454, type: 3}
      propertyPath: m_StaticEditorFlags
      value: 4294967295
      objectReference: {fileID: 0}
    m_RemovedComponents: []
  m_SourcePrefab: {fileID: 100100000, guid: 492b8b68c1f4b464e889751a1ba71454, type: 3}
--- !u!1 &8113475491986853030 stripped
GameObject:
  m_CorrespondingSourceObject: {fileID: 919132149155446097, guid: 492b8b68c1f4b464e889751a1ba71454, type: 3}
  m_PrefabInstance: {fileID: 8960389922133111287}
  m_PrefabAsset: {fileID: 0}
--- !u!4 &8922486649272047132 stripped
Transform:
  m_CorrespondingSourceObject: {fileID: -8679921383154817045, guid: 492b8b68c1f4b464e889751a1ba71454, type: 3}
  m_PrefabInstance: {fileID: 8960389922133111287}
  m_PrefabAsset: {fileID: 0}
--- !u!65 &8960389921622895240
BoxCollider:
  m_ObjectHideFlags: 0
  m_CorrespondingSourceObject: {fileID: 0}
  m_PrefabInstance: {fileID: 0}
  m_PrefabAsset: {fileID: 0}
  m_GameObject: {fileID: 8113475491986853030}
  m_Material: {fileID: 0}
  m_IsTrigger: 0
  m_Enabled: 1
  serializedVersion: 2
  m_Size: {x: 0.021062775, y: 0.02202789, z: 0.020044759}
  m_Center: {x: 0, y: 5.335843e-12, z: -0.000022380147}
--- !u!208 &4383466051262044329
NavMeshObstacle:
  m_ObjectHideFlags: 0
  m_CorrespondingSourceObject: {fileID: 0}
  m_PrefabInstance: {fileID: 0}
  m_PrefabAsset: {fileID: 0}
  m_GameObject: {fileID: 8113475491986853030}
  m_Enabled: 1
  serializedVersion: 3
  m_Shape: 1
  m_Extents: {x: 0.011000001, y: 0.011000001, z: 0.010000001}
  m_MoveThreshold: 0.1
  m_Carve: 1
  m_CarveOnlyStationary: 1
  m_Center: {x: 0, y: 0, z: 0}
  m_TimeToStationary: 0.5
--- !u!1001 &8960389922295367999
PrefabInstance:
  m_ObjectHideFlags: 0
  serializedVersion: 2
  m_Modification:
    m_TransformParent: {fileID: 3314554740393300417}
    m_Modifications:
    - target: {fileID: -8679921383154817045, guid: 492b8b68c1f4b464e889751a1ba71454, type: 3}
      propertyPath: m_RootOrder
      value: 3
      objectReference: {fileID: 0}
    - target: {fileID: -8679921383154817045, guid: 492b8b68c1f4b464e889751a1ba71454, type: 3}
      propertyPath: m_LocalScale.x
      value: 95
      objectReference: {fileID: 0}
    - target: {fileID: -8679921383154817045, guid: 492b8b68c1f4b464e889751a1ba71454, type: 3}
      propertyPath: m_LocalScale.y
      value: 25
      objectReference: {fileID: 0}
    - target: {fileID: -8679921383154817045, guid: 492b8b68c1f4b464e889751a1ba71454, type: 3}
      propertyPath: m_LocalPosition.x
      value: -9.75
      objectReference: {fileID: 0}
    - target: {fileID: -8679921383154817045, guid: 492b8b68c1f4b464e889751a1ba71454, type: 3}
      propertyPath: m_LocalPosition.y
      value: 0.47000027
      objectReference: {fileID: 0}
    - target: {fileID: -8679921383154817045, guid: 492b8b68c1f4b464e889751a1ba71454, type: 3}
      propertyPath: m_LocalPosition.z
      value: 5
      objectReference: {fileID: 0}
    - target: {fileID: -8679921383154817045, guid: 492b8b68c1f4b464e889751a1ba71454, type: 3}
      propertyPath: m_LocalRotation.w
      value: 0.49999997
      objectReference: {fileID: 0}
    - target: {fileID: -8679921383154817045, guid: 492b8b68c1f4b464e889751a1ba71454, type: 3}
      propertyPath: m_LocalRotation.x
      value: -0.50000006
      objectReference: {fileID: 0}
    - target: {fileID: -8679921383154817045, guid: 492b8b68c1f4b464e889751a1ba71454, type: 3}
      propertyPath: m_LocalRotation.y
      value: 0.49999997
      objectReference: {fileID: 0}
    - target: {fileID: -8679921383154817045, guid: 492b8b68c1f4b464e889751a1ba71454, type: 3}
      propertyPath: m_LocalRotation.z
      value: 0.50000006
      objectReference: {fileID: 0}
    - target: {fileID: -8679921383154817045, guid: 492b8b68c1f4b464e889751a1ba71454, type: 3}
      propertyPath: m_LocalEulerAnglesHint.x
      value: 0
      objectReference: {fileID: 0}
    - target: {fileID: -8679921383154817045, guid: 492b8b68c1f4b464e889751a1ba71454, type: 3}
      propertyPath: m_LocalEulerAnglesHint.y
      value: 0
      objectReference: {fileID: 0}
    - target: {fileID: -8679921383154817045, guid: 492b8b68c1f4b464e889751a1ba71454, type: 3}
      propertyPath: m_LocalEulerAnglesHint.z
      value: 0
      objectReference: {fileID: 0}
    - target: {fileID: 919132149155446097, guid: 492b8b68c1f4b464e889751a1ba71454, type: 3}
      propertyPath: m_Name
      value: WallSection A (29)
      objectReference: {fileID: 0}
    - target: {fileID: 919132149155446097, guid: 492b8b68c1f4b464e889751a1ba71454, type: 3}
      propertyPath: m_StaticEditorFlags
      value: 4294967295
      objectReference: {fileID: 0}
    m_RemovedComponents: []
  m_SourcePrefab: {fileID: 100100000, guid: 492b8b68c1f4b464e889751a1ba71454, type: 3}
--- !u!1 &8113475492149654638 stripped
GameObject:
  m_CorrespondingSourceObject: {fileID: 919132149155446097, guid: 492b8b68c1f4b464e889751a1ba71454, type: 3}
  m_PrefabInstance: {fileID: 8960389922295367999}
  m_PrefabAsset: {fileID: 0}
--- !u!4 &8922486649118174932 stripped
Transform:
  m_CorrespondingSourceObject: {fileID: -8679921383154817045, guid: 492b8b68c1f4b464e889751a1ba71454, type: 3}
  m_PrefabInstance: {fileID: 8960389922295367999}
  m_PrefabAsset: {fileID: 0}
--- !u!65 &8960389921401266586
BoxCollider:
  m_ObjectHideFlags: 0
  m_CorrespondingSourceObject: {fileID: 0}
  m_PrefabInstance: {fileID: 0}
  m_PrefabAsset: {fileID: 0}
  m_GameObject: {fileID: 8113475492149654638}
  m_Material: {fileID: 0}
  m_IsTrigger: 0
  m_Enabled: 1
  serializedVersion: 2
  m_Size: {x: 0.021062775, y: 0.02202789, z: 0.020044759}
  m_Center: {x: 0, y: 5.335843e-12, z: -0.000022380147}
--- !u!208 &1756626733059151882
NavMeshObstacle:
  m_ObjectHideFlags: 0
  m_CorrespondingSourceObject: {fileID: 0}
  m_PrefabInstance: {fileID: 0}
  m_PrefabAsset: {fileID: 0}
  m_GameObject: {fileID: 8113475492149654638}
  m_Enabled: 1
  serializedVersion: 3
  m_Shape: 1
  m_Extents: {x: 0.011000001, y: 0.011000001, z: 0.010000001}
  m_MoveThreshold: 0.1
  m_Carve: 1
  m_CarveOnlyStationary: 1
  m_Center: {x: 0, y: 0, z: 0}
  m_TimeToStationary: 0.5
